<record><leader>00000cas a2200000Ia 4500</leader><controlfield tag="001">55954014</controlfield><controlfield tag="008">040715d20032009azuer ne      0    0eng d</controlfield><datafield ind1=" " ind2=" " tag="010"><subfield code="a">sn2004060004</subfield></datafield><datafield ind1=" " ind2=" " tag="040"><subfield code="a">AZP</subfield><subfield code="b">eng</subfield><subfield code="c">AZP</subfield><subfield code="d">ANN</subfield><subfield code="d">OCLCQ</subfield><subfield code="d">AZP</subfield><subfield code="d">OCLCF</subfield><subfield code="d">OCLCO</subfield></datafield><datafield ind1=" " ind2=" " tag="043"><subfield code="a">n-us-az</subfield></datafield><datafield ind1="0" ind2="0" tag="245"><subfield code="a">Big Bug canyon country news.</subfield></datafield><datafield ind1=" " ind2=" " tag="260"><subfield code="a">Prescott Valley, Ariz. :</subfield><subfield code="b">K. Atwell,</subfield><subfield code="c">2003-2009.</subfield></datafield><datafield ind1=" " ind2=" " tag="300"><subfield code="a">v.</subfield></datafield><datafield ind1=" " ind2=" " tag="310"><subfield code="a">Weekly</subfield></datafield><datafield ind1="1" ind2=" " tag="362"><subfield code="a">Vol. 4, no. 41 (Oct. 8, 2003)-v. 37, no. 8 (Feb. 25, 2009).</subfield></datafield><datafield ind1=" " ind2=" " tag="500"><subfield code="a">"News from Poland Junction, Humboldt, Spring Valley, Mayer, Cordes Lakes, and Black Canyon City."</subfield></datafield><datafield ind1=" " ind2=" " tag="515"><subfield code="a">Vol. 9, no. 22 (May 28, 2008) is followed by v. 36, no. 23 (June 4, 2008).</subfield></datafield><datafield ind1=" " ind2=" " tag="580"><subfield code="a">Formed by the union of: Big Bug news, and: Canyon country news.</subfield></datafield><datafield ind1=" " ind2="0" tag="651"><subfield code="a">Prescott Valley (Ariz.)</subfield><subfield code="v">Newspapers.</subfield></datafield><datafield ind1=" " ind2="0" tag="651"><subfield code="a">Black Canyon City (Ariz.)</subfield><subfield code="v">Newspapers.</subfield></datafield><datafield ind1=" " ind2="0" tag="651"><subfield code="a">Yavapai County (Ariz.)</subfield><subfield code="v">Newspapers.</subfield></datafield><datafield ind1=" " ind2="7" tag="655"><subfield code="a">Newspapers.</subfield><subfield code="2">fast</subfield><subfield code="0">(OCoLC)fst01423814</subfield></datafield><datafield ind1=" " ind2="7" tag="651"><subfield code="a">Arizona</subfield><subfield code="z">Black Canyon City.</subfield><subfield code="2">fast</subfield><subfield code="0">(OCoLC)fst01879722</subfield></datafield><datafield ind1=" " ind2="7" tag="651"><subfield code="a">Arizona</subfield><subfield code="z">Prescott Valley.</subfield><subfield code="2">fast</subfield><subfield code="0">(OCoLC)fst01255048</subfield></datafield><datafield ind1=" " ind2="7" tag="651"><subfield code="a">Arizona</subfield><subfield code="z">Yavapai County.</subfield><subfield code="2">fast</subfield><subfield code="0">(OCoLC)fst01217120</subfield></datafield><datafield ind1=" " ind2=" " tag="752"><subfield code="a">United States</subfield><subfield code="b">Arizona</subfield><subfield code="c">Yavapai</subfield><subfield code="d">Black Canyon City.</subfield></datafield><datafield ind1="1" ind2="4" tag="780"><subfield code="t">Big Bug news</subfield><subfield code="w">(DLC)sn2001060002</subfield></datafield><datafield ind1="1" ind2="4" tag="780"><subfield code="t">Canyon country news</subfield><subfield code="w">(DLC)sn 99068162</subfield></datafield><datafield ind1="1" ind2="0" tag="785"><subfield code="t">Big Bug news (Prescott, Ariz. : 2009)</subfield><subfield code="w">(DLC)sn2009271209</subfield></datafield></record>